@article{black1973pricing,
  title =	 {The Pricing of Options and Corporate Liabilities},
  author =	 {Black, Fischer and Myron Scholes},
  journal =	 {Journal of Political Economy},
  volume={81},
  number={3},
  pages={637--654},
  year ={1973}
}


@article{merton1973theory,
  title={Theory of Rational Option Pricing},
  author={Merton, Robert C},
  journal={Bellman Journal of Economics and Management Science},
  volume={4},
  number={1},
  pages={141--183},
  year={1973}
}

@article{madan1998variance,
  title={The Variance-Gamma Process and Option Pricing},
  author={Madan, Dilip B., Peter P. Carr, and Eric C. Chang},
  journal={European Finance Review},
  volume={2},
  pages={79--105},
  year={1998}
}